Trade_Time,Price_USD,Volume_BTC,Symbol
2025-09-29 23:50:48.422,114258.6,0.02,BTCUSDT
2025-09-29 23:50:48.473,114258.6,0.008,BTCUSDT
2025-09-29 23:50:49.464,114258.6,0.02,BTCUSDT
2025-09-29 23:50:50.031,114258.6,0.1,BTCUSDT
2025-09-29 23:50:50.132,114258.5,0.032,BTCUSDT
2025-09-29 23:50:50.132,114258.5,0.065,BTCUSDT
2025-09-29 23:50:50.383,114258.6,0.001,BTCUSDT
2025-09-29 23:50:50.452,114258.6,0.02,BTCUSDT
2025-09-29 23:50:50.652,114258.6,0.033,BTCUSDT
2025-09-29 23:50:50.784,114258.6,0.001,BTCUSDT
2025-09-29 23:50:50.895,114258.6,0.019,BTCUSDT
2025-09-29 23:50:51.238,114258.6,0.03,BTCUSDT
2025-09-29 23:50:51.514,114258.6,0.02,BTCUSDT
2025-09-29 23:50:51.563,114258.5,0.005,BTCUSDT
2025-09-29 23:50:51.563,114258.5,0.016,BTCUSDT
2025-09-29 23:50:51.597,114258.5,0.004,BTCUSDT
2025-09-29 23:50:51.715,114258.6,0.001,BTCUSDT
2025-09-29 23:50:52.037,114258.6,0.013,BTCUSDT
2025-09-29 23:50:52.037,114258.6,0.018,BTCUSDT
2025-09-29 23:50:52.037,114258.6,0.006,BTCUSDT
2025-09-29 23:50:52.037,114258.6,0.957,BTCUSDT
2025-09-29 23:50:52.405,114258.5,0.028,BTCUSDT
2025-09-29 23:50:52.574,114258.6,0.02,BTCUSDT
2025-09-29 23:50:53.009,114258.6,0.757,BTCUSDT
2025-09-29 23:50:53.471,114258.6,0.001,BTCUSDT
2025-09-29 23:50:53.597,114258.6,0.02,BTCUSDT
2025-09-29 23:50:54.402,114258.6,0.009,BTCUSDT
2025-09-29 23:50:54.626,114258.6,0.02,BTCUSDT
2025-09-29 23:50:55.044,114258.5,0.017,BTCUSDT
2025-09-29 23:50:55.581,114258.6,0.02,BTCUSDT
2025-09-29 23:50:55.877,114258.5,0.001,BTCUSDT
2025-09-29 23:50:56.699,114258.6,0.02,BTCUSDT
2025-09-29 23:50:57.785,114258.6,0.02,BTCUSDT
2025-09-29 23:50:58.650,114258.6,0.01,BTCUSDT
2025-09-29 23:50:58.697,114258.5,0.004,BTCUSDT
2025-09-29 23:50:58.697,114258.5,0.016,BTCUSDT
2025-09-29 23:50:58.813,114258.6,0.02,BTCUSDT
2025-09-29 23:50:59.059,114258.6,0.043,BTCUSDT
2025-09-29 23:50:59.232,114258.5,0.01,BTCUSDT
2025-09-29 23:50:59.817,114258.6,0.02,BTCUSDT
2025-09-29 23:51:00.277,114258.6,0.012,BTCUSDT
2025-09-29 23:51:00.844,114258.6,0.02,BTCUSDT
2025-09-29 23:51:00.894,114258.6,0.009,BTCUSDT
2025-09-29 23:51:01.308,114258.5,0.001,BTCUSDT
2025-09-29 23:51:01.944,114258.6,0.066,BTCUSDT
2025-09-29 23:51:01.964,114258.6,0.02,BTCUSDT
2025-09-29 23:51:01.978,114258.6,0.026,BTCUSDT
2025-09-29 23:51:02.263,114258.5,0.001,BTCUSDT
2025-09-29 23:51:02.263,114258.5,0.01,BTCUSDT
2025-09-29 23:51:02.263,114258.5,0.01,BTCUSDT
2025-09-29 23:51:02.263,114258.5,0.003,BTCUSDT
2025-09-29 23:51:02.263,114258.5,0.01,BTCUSDT
2025-09-29 23:51:02.263,114258.5,0.001,BTCUSDT
2025-09-29 23:51:02.263,114258.5,0.002,BTCUSDT
2025-09-29 23:51:02.263,114258.5,0.007,BTCUSDT
2025-09-29 23:51:02.407,114258.6,0.002,BTCUSDT
2025-09-29 23:51:38.096,114251.9,0.001,BTCUSDT
2025-09-29 23:51:38.155,114251.9,0.087,BTCUSDT
2025-09-29 23:51:38.495,114252.0,0.02,BTCUSDT
2025-09-29 23:51:38.709,114251.9,0.139,BTCUSDT
2025-09-29 23:51:38.825,114251.9,0.001,BTCUSDT
2025-09-29 23:51:39.395,114252.0,0.002,BTCUSDT
2025-09-29 23:51:39.427,114252.0,0.02,BTCUSDT
2025-09-29 23:51:39.615,114251.9,0.001,BTCUSDT
2025-09-29 23:51:39.831,114251.9,0.004,BTCUSDT
2025-09-29 23:51:39.920,114251.9,0.041,BTCUSDT
2025-09-29 23:51:40.092,114251.9,0.001,BTCUSDT
2025-09-29 23:51:40.456,114252.0,0.02,BTCUSDT
2025-09-29 23:51:40.700,114251.9,0.008,BTCUSDT
2025-09-29 23:51:40.800,114251.9,0.035,BTCUSDT
2025-09-29 23:51:40.900,114252.0,0.023,BTCUSDT
2025-09-29 23:51:41.136,114251.9,0.002,BTCUSDT
2025-09-29 23:51:41.249,114251.9,0.001,BTCUSDT
2025-09-29 23:51:41.251,114252.0,0.001,BTCUSDT
2025-09-29 23:51:41.496,114252.0,0.02,BTCUSDT
2025-09-29 23:51:42.350,114252.0,0.006,BTCUSDT
2025-09-29 23:51:42.484,114252.0,0.02,BTCUSDT
2025-09-29 23:51:42.799,114251.9,0.001,BTCUSDT
2025-09-29 23:51:42.901,114252.0,0.001,BTCUSDT
2025-09-29 23:51:43.431,114252.0,0.1,BTCUSDT
2025-09-29 23:51:43.527,114252.0,0.02,BTCUSDT
2025-09-29 23:51:43.621,114252.0,0.001,BTCUSDT
2025-09-29 23:51:43.696,114251.9,0.009,BTCUSDT
2025-09-29 23:51:43.978,114252.0,0.037,BTCUSDT
2025-09-29 23:51:44.559,114252.0,0.089,BTCUSDT
2025-09-29 23:51:44.579,114252.0,0.02,BTCUSDT
2025-09-29 23:51:45.238,114252.0,0.001,BTCUSDT
2025-09-29 23:51:45.740,114252.0,0.02,BTCUSDT
2025-09-29 23:51:46.275,114251.9,0.003,BTCUSDT
2025-09-29 23:51:46.441,114251.9,0.017,BTCUSDT
2025-09-29 23:51:46.682,114252.0,0.02,BTCUSDT
2025-09-29 23:51:46.868,114251.9,0.002,BTCUSDT
2025-09-29 23:51:46.956,114251.9,0.001,BTCUSDT
2025-09-29 23:51:47.679,114252.0,0.02,BTCUSDT
2025-09-29 23:51:47.951,114251.9,0.003,BTCUSDT
2025-09-29 23:51:48.641,114252.0,0.02,BTCUSDT
2025-09-29 23:51:48.970,114251.9,0.002,BTCUSDT
2025-09-29 23:51:49.081,114252.0,0.008,BTCUSDT
2025-09-29 23:51:49.625,114252.0,0.02,BTCUSDT
2025-09-29 23:51:50.047,114252.0,0.001,BTCUSDT
2025-09-29 23:51:50.688,114251.9,0.001,BTCUSDT
2025-09-29 23:51:50.714,114252.0,0.02,BTCUSDT
2025-09-29 23:51:51.036,114251.9,0.002,BTCUSDT
2025-09-29 23:51:51.131,114252.0,0.008,BTCUSDT
2025-09-29 23:51:51.247,114252.0,0.001,BTCUSDT
2025-09-29 23:51:51.765,114252.0,0.02,BTCUSDT
2025-09-29 23:51:51.943,114251.9,0.001,BTCUSDT
2025-09-29 23:51:52.192,114251.9,0.002,BTCUSDT
